<?xml version="1.0" encoding="UTF-8"?><collection xmlns="http://www.loc.gov/MARC21/slim"><record><leader>00629nam--2200193-i-4500</leader><controlfield tag="001">000020911</controlfield><controlfield tag="002">20161230</controlfield><controlfield tag="005">20161230201033</controlfield><controlfield tag="008">060222s1000------------r-----000-0-eng-d</controlfield><datafield ind1=" " ind2=" " tag="020"><subfield code="a">9282630641</subfield></datafield><datafield ind1=" " ind2=" " tag="040"><subfield code="a">IFIN-HH</subfield></datafield><datafield ind1=" " ind2=" " tag="080"><subfield code="a">539.12.08</subfield></datafield><datafield ind1="1" ind2=" " tag="100"><subfield code="a">Chadwich, K</subfield></datafield><datafield ind1="1" ind2="0" tag="245"><subfield code="a">Radiation protection</subfield><subfield code="b">Treatment and biological dosimetry of exposed persons. post-chernobyl action</subfield><subfield code="c">K. chadwick, g. gerber (eds.)</subfield></datafield><datafield ind1=" " ind2=" " tag="260"><subfield code="a">Luxembourg</subfield><subfield code="b">Commision Of The European Communities</subfield><subfield code="c">1991</subfield></datafield><datafield ind1=" " ind2=" " tag="490"><subfield code="a">Radiation Protection</subfield><subfield code="v">Eur 12558</subfield></datafield><datafield ind1="1" ind2=" " tag="700"><subfield code="a">G. Gerber</subfield><subfield code="e">Ed</subfield></datafield><datafield ind1=" " ind2=" " tag="852"><subfield code="a">80207</subfield><subfield code="c">539.1.07:539.1.08</subfield></datafield><datafield ind1=" " ind2=" " tag="CAT"><subfield code="a">Sys</subfield><subfield code="c">20111031</subfield><subfield code="h">165039</subfield></datafield></record></collection>